@book{rocketPropulsionElements,
  title={Rocket Propulsion Elements},
  author={Sutton, G.P. and Biblarz, O.},
  isbn={9780470080245},
  year={2016},
  edition={9th},
  publisher={WILEY}
}
